@report{appannie:2017,
	author = {App Annie},
	title = {App Annie 2016 Retrospective},
	type = {Retrospective Report},
	date = {2017},
	pages = {2, 25},
}

@online{erguerel:2017,
	author = {Deniz Ergürel},
	title = {The latest virtual reality headset sales numbers we know so far},
	date = {March 2017},
	url = 
	{https://haptic.al/latest-virtual-reality-headset-sales-so-far-9553e42f60b5},
	subtitle = {As of March 2017},
	month = {March},
	year = {2017},
	urldate = {28. June 2017},
}

@online{wiki:train:2017,
	title = {L'Arrivée d'un train en gare de La Ciotat},
	url = 
	{https://en.wikipedia.org/wiki/L%27Arriv%C3%A9e_d%27un_train_en_gare_de_La_Ciotat},
	urldate = {28. June 2017},
}